@BOOK {uvm_sv,
    author    = "Meade, K. and Rosenberg, S.",
    title     = "A Practical Guide to Adopting the Universal Verification Methodology (UVM)",
    publisher = "Lulu.com",
    year      = "2013",
    edition   = "second"
}
